% This file was created with JabRef 2.10.
% Encoding: ISO-8859-1

@Article{adelson1984pyramid,
  Title                    = {Pyramid methods in image processing},
  Author                   = {Adelson, Edward H and Anderson, Charles H and Bergen, James R and Burt, Peter J and Ogden, Joan M},
  Journal                  = {RCA engineer},
  Year                     = {1984},
  Number                   = {6},
  Pages                    = {33--41},
  Volume                   = {29}
}


@Article{
	Hu2013,
	author={M. {Hu} and Y. {Tseng} and J. {Wu} and C. {Kuo} and Y. {Hsiao} and K. {Hua}},
	booktitle={2013 IEEE International Symposium on Consumer Electronics (ISCE)},
	title={Real-time depth of field rendering with bokeh effect},
	year={2013},
	volume={},
	number={},
	pages={99-100},
	keywords={image segmentation;rendering (computer graphics);solid modelling;user interfaces;real-time depth of field rendering;Bokeh effect;shallow focus;photographic technique;user interface;depth labeling;semiautomatic object segmentation technique;3D modeling;real-time gather-based DOF rendering method;Rendering (computer graphics);Real-time systems;Lenses;Educational institutions;Reliability;Object segmentation;Apertures},
	doi={10.1109/ISCE.2013.6570273},
	ISSN={0747-668X},
	month={June},
}